@inproceedings{Kwak10www,
  author    = {Kwak, Haewoon and Lee, Changhyun and Park, Hosung and Moon, Sue},
  title     = "{W}hat is {T}witter, a social network or a news media?",
  booktitle = {WWW '10: Proceedings of the 19th international conference on World wide web},
  year      = {2010},
  isbn      = {978-1-60558-799-8},
  pages     = {591--600},
  location  = {Raleigh, North Carolina, USA},
  doi       = {http://doi.acm.org/10.1145/1772690.1772751},
  publisher = {ACM},
  address   = {New York, NY, USA},
}

@INPROCEEDINGS{iEEE:6542441, 
  author     = {Posnett, D. and Warburg, E. and Devanbu, P. and Filkov, V.}, 
  booktitle  ={Social Informatics (SocialInformatics), 2012 International Conference on},     title      = {Mining Stack Exchange: Expertise Is Evident from Initial Contributions}, 
  year       = {2012}, 
  month      = {Dec}, 
  pages      = {199-204}, 
  keywords   = {Internet;data mining;question answering (information retrieval);Q&A                          archive;answering skill;gift economy;learning community;question & answer                   Internet community;stack exchange mining;valuable public good}, 
  doi        = {10.1109/SocialInformatics.2012.67},
}
  
@misc{FBCrawl,
  title        = {2005 Facebook Crawl},
  howpublished = {\url{https://archive.org/details/oxford-2005-facebook-matrix}}
  note         = {Accessed: 2015-06-17}
}

@misc{TIOBERATINGS,
  title        = {TIOBE Programming Language Popularity Rating},
  howpublished = {\url{http://www.tiobe.com/index.php/content/paperinfo/tpci/index.html}}
  note         = {Accessed: 2015-06-30}
}

@misc{GroupRepo,
  title        = {Big Data Group Project GitHub Repository},
  howpublished = {\url{https://github.com/jmp3833/big_data_group_project}}
  note         = {Accessed: 2015-07-15}
}

@misc{ProgrammingTerms,
  title        = {Glossary of Computer PRogramming Terms},
  howpublished = {\url{http://cse.csusb.edu/dick/cs202/glossary.html}}
  note         = {Accessed: 2015-07-01}
}

@misc{ProgrammingLanguages,
  title        = {Wikipedia List of Programming Languages},
  howpublished = {\url{https://en.wikipedia.org/wiki/List_of_programming_languages}}
  note         = {Accessed: 2015-07-01}
}
